@article{Wang10,
  author    = {Chenguang Wang and
               Xiao Liu and
               Dawn Song},
  title     = {Language Models are Open Knowledge Graphs},
  journal   = {CoRR},
  volume    = {abs/2010.11967},
  year      = {2020},
  url       = {https://arxiv.org/abs/2010.11967},
}

@article{Han19,
    title = "{O}pen{NRE}: An Open and Extensible Toolkit for Neural Relation Extraction",
    author = "Han, Xu and Gao, Tianyu and Yao, Yuan and Ye, Deming and Liu, Zhiyuan and Sun, Maosong",
    year = {2019}
}

@article{Gangemi17,
  author = {Gangemi, Aldo and Presutti, Valentina and Recupero, Diego Reforgiato and Nuzzolese, Andrea Giovanni and Draicchio, Francesco and Mongiov√¨, Misael},
  journal = {Semantic Web},
  number = 6,
  pages = {873-893},
  title = {{Semantic Web Machine Reading with FRED}},
  volume = 8,
  year = 2017
}